%YAML 1.1
%TAG !u! tag:unity3d.com,2011:
--- !u!1001 &100100000
Prefab:
  m_ObjectHideFlags: 1
  serializedVersion: 2
  m_Modification:
    m_TransformParent: {fileID: 0}
    m_Modifications: []
    m_RemovedComponents: []
  m_SourcePrefab: {fileID: 0}
  m_RootGameObject: {fileID: 1359707618335200}
  m_IsPrefabAsset: 1
--- !u!1 &1359707618335200
GameObject:
  m_ObjectHideFlags: 0
  m_CorrespondingSourceObject: {fileID: 0}
  m_PrefabInternal: {fileID: 100100000}
  serializedVersion: 6
  m_Component:
  - component: {fileID: 4744476608265752}
  - component: {fileID: 114554665909261498}
  - component: {fileID: 114957263522786178}
  m_Layer: 0
  m_Name: GameManager
  m_TagString: Untagged
  m_Icon: {fileID: 0}
  m_NavMeshLayer: 0
  m_StaticEditorFlags: 0
  m_IsActive: 1
--- !u!1 &1491328738536364
GameObject:
  m_ObjectHideFlags: 0
  m_CorrespondingSourceObject: {fileID: 0}
  m_PrefabInternal: {fileID: 100100000}
  serializedVersion: 6
  m_Component:
  - component: {fileID: 4731543247434488}
  - component: {fileID: 114632131787335656}
  m_Layer: 0
  m_Name: Player 1 Stats
  m_TagString: Untagged
  m_Icon: {fileID: 0}
  m_NavMeshLayer: 0
  m_StaticEditorFlags: 0
  m_IsActive: 1
--- !u!1 &1674688391436174
GameObject:
  m_ObjectHideFlags: 0
  m_CorrespondingSourceObject: {fileID: 0}
  m_PrefabInternal: {fileID: 100100000}
  serializedVersion: 6
  m_Component:
  - component: {fileID: 4231426904483284}
  - component: {fileID: 114490508339527784}
  m_Layer: 0
  m_Name: Player 2 Stats
  m_TagString: Untagged
  m_Icon: {fileID: 0}
  m_NavMeshLayer: 0
  m_StaticEditorFlags: 0
  m_IsActive: 1
--- !u!1 &1842085111079020
GameObject:
  m_ObjectHideFlags: 0
  m_CorrespondingSourceObject: {fileID: 0}
  m_PrefabInternal: {fileID: 100100000}
  serializedVersion: 6
  m_Component:
  - component: {fileID: 4667258426770422}
  - component: {fileID: 114954539808323384}
  m_Layer: 0
  m_Name: Player 3 Stats
  m_TagString: Untagged
  m_Icon: {fileID: 0}
  m_NavMeshLayer: 0
  m_StaticEditorFlags: 0
  m_IsActive: 1
--- !u!4 &4231426904483284
Transform:
  m_ObjectHideFlags: 1
  m_CorrespondingSourceObject: {fileID: 0}
  m_PrefabInternal: {fileID: 100100000}
  m_GameObject: {fileID: 1674688391436174}
  m_LocalRotation: {x: -0, y: -0, z: -0, w: 1}
  m_LocalPosition: {x: -5, y: 0, z: 0}
  m_LocalScale: {x: 1, y: 1, z: 1}
  m_Children: []
  m_Father: {fileID: 4744476608265752}
  m_RootOrder: 1
  m_LocalEulerAnglesHint: {x: 0, y: 0, z: 0}
--- !u!4 &4667258426770422
Transform:
  m_ObjectHideFlags: 1
  m_CorrespondingSourceObject: {fileID: 0}
  m_PrefabInternal: {fileID: 100100000}
  m_GameObject: {fileID: 1842085111079020}
  m_LocalRotation: {x: -0, y: -0, z: -0, w: 1}
  m_LocalPosition: {x: -5, y: 0, z: 0}
  m_LocalScale: {x: 1, y: 1, z: 1}
  m_Children: []
  m_Father: {fileID: 4744476608265752}
  m_RootOrder: 2
  m_LocalEulerAnglesHint: {x: 0, y: 0, z: 0}
--- !u!4 &4731543247434488
Transform:
  m_ObjectHideFlags: 1
  m_CorrespondingSourceObject: {fileID: 0}
  m_PrefabInternal: {fileID: 100100000}
  m_GameObject: {fileID: 1491328738536364}
  m_LocalRotation: {x: -0, y: -0, z: -0, w: 1}
  m_LocalPosition: {x: -5, y: 0, z: 0}
  m_LocalScale: {x: 1, y: 1, z: 1}
  m_Children: []
  m_Father: {fileID: 4744476608265752}
  m_RootOrder: 0
  m_LocalEulerAnglesHint: {x: 0, y: 0, z: 0}
--- !u!4 &4744476608265752
Transform:
  m_ObjectHideFlags: 1
  m_CorrespondingSourceObject: {fileID: 0}
  m_PrefabInternal: {fileID: 100100000}
  m_GameObject: {fileID: 1359707618335200}
  m_LocalRotation: {x: 0, y: 0, z: 0, w: 1}
  m_LocalPosition: {x: 0, y: 0, z: 0}
  m_LocalScale: {x: 1, y: 1, z: 1}
  m_Children:
  - {fileID: 4731543247434488}
  - {fileID: 4231426904483284}
  - {fileID: 4667258426770422}
  m_Father: {fileID: 0}
  m_RootOrder: 0
  m_LocalEulerAnglesHint: {x: 0, y: 0, z: 0}
--- !u!114 &114490508339527784
MonoBehaviour:
  m_ObjectHideFlags: 1
  m_CorrespondingSourceObject: {fileID: 0}
  m_PrefabInternal: {fileID: 100100000}
  m_GameObject: {fileID: 1674688391436174}
  m_Enabled: 1
  m_EditorHideFlags: 0
  m_Script: {fileID: 11500000, guid: 38833d0d5dbfe8f479df4f89065b9c59, type: 3}
  m_Name: 
  m_EditorClassIdentifier: 
  charName: Woody
  currentLevel: 3
  maximumLevel: 100
  currentEXP: 0
  baseEXP: 19
  currentHP: 83
  maximumHP: 83
  currentMP: 40
  maximumMP: 40
  pAttack: 35
  pDefence: 30
  mAttack: 25
  mDefence: 21
  speed: 36
  weaponPower: 0
  weaponMagic: 0
  armourPower: 0
  armourMagic: 0
  armourSpeed: 0
  equippedWeapon: {fileID: 0}
  equippedArmour: {fileID: 0}
  charSprite: {fileID: 21300000, guid: e0ddba6d3fcf21f49949fcc95c849aac, type: 3}
  expToNextLevel: 
  mpLevelBonus: 
--- !u!114 &114554665909261498
MonoBehaviour:
  m_ObjectHideFlags: 1
  m_CorrespondingSourceObject: {fileID: 0}
  m_PrefabInternal: {fileID: 100100000}
  m_GameObject: {fileID: 1359707618335200}
  m_Enabled: 1
  m_EditorHideFlags: 0
  m_Script: {fileID: 11500000, guid: 3912cfee21410a24e9bcd080ba65e5e5, type: 3}
  m_Name: 
  m_EditorClassIdentifier: 
  characterStats:
  - {fileID: 114632131787335656}
  - {fileID: 114490508339527784}
  - {fileID: 114954539808323384}
  fadingToLevel: 0
  dialogueActive: 0
  menuOpen: 0
  shopOpen: 0
  battleActive: 0
  gameIsBusy: 0
  loadingGame: 0
  itemQuantity: 00000000000000000000000000000000000000000000000000000000000000000000000000000000000000000000000000000000000000000000000000000000000000000000000000000000000000000000000000000000000000000000000000000000000000000000000000000000000000000000000000000000000000000000000000000000000000000000000000000000000000000000000000000000
  itemInventory: []
  currentGold: 0
  gameSwitches: []
--- !u!114 &114632131787335656
MonoBehaviour:
  m_ObjectHideFlags: 1
  m_CorrespondingSourceObject: {fileID: 0}
  m_PrefabInternal: {fileID: 100100000}
  m_GameObject: {fileID: 1491328738536364}
  m_Enabled: 1
  m_EditorHideFlags: 0
  m_Script: {fileID: 11500000, guid: 38833d0d5dbfe8f479df4f89065b9c59, type: 3}
  m_Name: 
  m_EditorClassIdentifier: 
  charName: Ben
  currentLevel: 1
  maximumLevel: 100
  currentEXP: 0
  baseEXP: 20
  currentHP: 100
  maximumHP: 100
  currentMP: 40
  maximumMP: 40
  pAttack: 35
  pDefence: 30
  mAttack: 33
  mDefence: 27
  speed: 32
  weaponPower: 0
  weaponMagic: 0
  armourPower: 0
  armourMagic: 0
  armourSpeed: 0
  equippedWeapon: {fileID: 0}
  equippedArmour: {fileID: 0}
  charSprite: {fileID: 21300000, guid: e55f1231611cfa24698f26fb1af82548, type: 3}
  expToNextLevel: 
  mpLevelBonus: 
--- !u!114 &114954539808323384
MonoBehaviour:
  m_ObjectHideFlags: 1
  m_CorrespondingSourceObject: {fileID: 0}
  m_PrefabInternal: {fileID: 100100000}
  m_GameObject: {fileID: 1842085111079020}
  m_Enabled: 1
  m_EditorHideFlags: 0
  m_Script: {fileID: 11500000, guid: 38833d0d5dbfe8f479df4f89065b9c59, type: 3}
  m_Name: 
  m_EditorClassIdentifier: 
  charName: Potts
  currentLevel: 2
  maximumLevel: 100
  currentEXP: 0
  baseEXP: 31
  currentHP: 103
  maximumHP: 103
  currentMP: 40
  maximumMP: 40
  pAttack: 21
  pDefence: 32
  mAttack: 42
  mDefence: 39
  speed: 27
  weaponPower: 0
  weaponMagic: 0
  armourPower: 0
  armourMagic: 0
  armourSpeed: 0
  equippedWeapon: {fileID: 0}
  equippedArmour: {fileID: 0}
  charSprite: {fileID: 21300218, guid: 9589500635eeaef4fa211db6fa452780, type: 3}
  expToNextLevel: 
  mpLevelBonus: 
--- !u!114 &114957263522786178
MonoBehaviour:
  m_ObjectHideFlags: 1
  m_CorrespondingSourceObject: {fileID: 0}
  m_PrefabInternal: {fileID: 100100000}
  m_GameObject: {fileID: 1359707618335200}
  m_Enabled: 1
  m_EditorHideFlags: 0
  m_Script: {fileID: 11500000, guid: 01da53bd92e6b2843b41ef657ccdeca8, type: 3}
  m_Name: 
  m_EditorClassIdentifier: 
  quests: []
